% PageRank first description
@techreport{pagebmw98,
  added-at = {2011-05-09T23:10:52.000+0200},
  author = {Page, L. and Brin, S. and Motwani, R. and Winograd, T.},
  biburl = {http://www.bibsonomy.org/bibtex/237bc61ea98c37cca0ae7dca3ec9f0a70/josephausterwei},
  institution = {Stanford Digital Library Technologies Project},
  interhash = {ca10cf0b0dd668c64b1f378ff0775849},
  intrahash = {37bc61ea98c37cca0ae7dca3ec9f0a70},
  keywords = {imported},
  timestamp = {2011-05-09T23:10:52.000+0200},
  title = {The {PageRank} citation ranking: {B}ringing order to the
  web},
  year = 1998
}


% Monte Carlo methods for PageRank
@article{Avrachenkov:2007:MCM:1272804.1272825,
 author = {Avrachenkov, K. and Litvak, N. and Nemirovsky, D. and Osipova, N.},
 title = {Monte Carlo Methods in PageRank Computation: When One Iteration is Sufficient},
 journal = {SIAM J. Numer. Anal.},
 issue_date = {February 2007},
 volume = {45},
 number = {2},
 month = feb,
 year = {2007},
 issn = {0036-1429},
 pages = {890--904},
 numpages = {15},
 url = {http://dx.doi.org/10.1137/050643799},
 doi = {10.1137/050643799},
 acmid = {1272825},
 publisher = {Society for Industrial and Applied Mathematics},
 address = {Philadelphia, PA, USA},
 keywords = {Google, Monte Carlo methods, PageRank, absorbing Markov chains},
} 


% PageRank for Twitter users
  %crossref  = {DBLP:conf/wsdm/2011},
@inproceedings{DBLP:conf/wsdm/WelchSHC11,
  author    = {Michael J. Welch and
               Uri Schonfeld and
               Dan He and
               Junghoo Cho},
  title     = {Topical semantics of twitter links},
  booktitle = {WSDM},
  year      = {2011},
  pages     = {327-336},
  ee        = {http://doi.acm.org/10.1145/1935826.1935882},
  bibsource = {DBLP, http://dblp.uni-trier.de}
}

% PageRank for Twitter users 2
@inproceedings{Kwak:2010:TSN:1772690.1772751,
 author = {Kwak, Haewoon and Lee, Changhyun and Park, Hosung and Moon, Sue},
 title = {What is Twitter, a social network or a news media?},
 booktitle = {Proceedings of the 19th international conference on World wide web},
 series = {WWW '10},
 year = {2010},
 isbn = {978-1-60558-799-8},
 location = {Raleigh, North Carolina, USA},
 pages = {591--600},
 numpages = {10},
 url = {http://doi.acm.org/10.1145/1772690.1772751},
 doi = {10.1145/1772690.1772751},
 acmid = {1772751},
 publisher = {ACM},
 address = {New York, NY, USA},
 keywords = {Twitter, degree of separation, homophily, influential, information diffusion, online social network, pagerank, reciprocity, retweet},
} 


% Comment alternatives to Tweet ranking given the sparsity of the graph
  %crossref  = {DBLP:conf/webi/2010},
@inproceedings{DBLP:conf/webi/NagmotiTC10,
  author    = {Rinkesh Nagmoti and
               Ankur Teredesai and
               Martine De Cock},
  title     = {Ranking Approaches for Microblog Search},
  booktitle = {Web Intelligence},
  year      = {2010},
  pages     = {153-157},
  ee        = {http://dx.doi.org/10.1109/WI-IAT.2010.170},
  bibsource = {DBLP, http://dblp.uni-trier.de}
}

% Comment alternatives to Tweet ranking and and use PageRank to rank USERS
@inproceedings{Duan:2010:ESL:1873781.1873815,
 author = {Duan, Yajuan and Jiang, Long and Qin, Tao and Zhou, Ming and Shum, Heung-Yeung},
 title = {An empirical study on learning to rank of tweets},
 booktitle = {Proceedings of the 23rd International Conference on Computational Linguistics},
 series = {COLING '10},
 year = {2010},
 location = {Beijing, China},
 pages = {295--303},
 numpages = {9},
 url = {http://dl.acm.org/citation.cfm?id=1873781.1873815},
 acmid = {1873815},
 publisher = {Association for Computational Linguistics},
 address = {Stroudsburg, PA, USA},
} 

% PageRank for users and distributed among user tweets
@article{DBLP:journals/corr/abs-1204-0156,
  author    = {Srijith Ravikumar and
               Raju Balakrishnan and
               Subbarao Kambhampati},
  title     = {Ranking Tweets Considering Trust and Relevance},
  journal   = {CoRR},
  volume    = {abs/1204.0156},
  year      = {2012},
  ee        = {http://arxiv.org/abs/1204.0156},
  bibsource = {DBLP, http://dblp.uni-trier.de}
}

% Incremental Pagerank
@inproceedings{Desikan:2005:IPR:1062745.1062885,
 author = {Desikan, Prasanna and Pathak, Nishith and Srivastava, Jaideep and Kumar, Vipin},
 title = {Incremental page rank computation on evolving graphs},
 booktitle = {Special interest tracks and posters of the 14th international conference on World Wide Web},
 series = {WWW '05},
 year = {2005},
 isbn = {1-59593-051-5},
 location = {Chiba, Japan},
 pages = {1094--1095},
 numpages = {2},
 url = {http://doi.acm.org/10.1145/1062745.1062885},
 doi = {10.1145/1062745.1062885},
 acmid = {1062885},
 publisher = {ACM},
 address = {New York, NY, USA},
} 

% Incremental Pagerank 2
@article{Bahmani:2010:FIP:1929861.1929864,
 author = {Bahmani, Bahman and Chowdhury, Abdur and Goel, Ashish},
 title = {Fast incremental and personalized PageRank},
 journal = {Proc. VLDB Endow.},
 issue_date = {December 2010},
 volume = {4},
 number = {3},
 month = dec,
 year = {2010},
 issn = {2150-8097},
 pages = {173--184},
 numpages = {12},
 url = {http://dl.acm.org/citation.cfm?id=1929861.1929864},
 acmid = {1929864},
 publisher = {VLDB Endowment},
} 
